<record xmlns="http://www.loc.gov/MARC21/slim" xmlns:xsi="http://www.w3.org/2001/XMLSchema-instance" xsi:schemaLocation="http://www.loc.gov/MARC21/slim http://www.loc.gov/standards/marcxml/schema/MARC21slim.xsd">

  <leader>00800nam a2200181Ia 4500</leader>
  <datafield ind1=" " tag="999" ind2=" ">
    <subfield code="c">1540</subfield>
    <subfield code="d">1540</subfield>
  </datafield>
  <controlfield tag="008">180226b2011    cr ||||| |||| 00| | spa d</controlfield>
  <datafield ind2=" " tag="090" ind1=" ">
    <subfield code="a">06.02.01 </subfield>
    <subfield code="b">2054</subfield>
  </datafield>
  <datafield ind2=" " ind1="1" tag="100">
    <subfield code="a">Castro Bonilla, Julieta</subfield>
    <subfield code="9">1082</subfield>
  </datafield>
  <datafield ind1="1" tag="245" ind2="0">
    <subfield code="a">Formación continua de la Federación de Asociaciones Cooperativas de Ahorro y Crédito (FECOOPSE R.L.) / </subfield>
    <subfield code="c">Julieta Castro Bonilla; Carlos Montero Jiménez; Wendy Páez Cerdas; Ramsés Ramírez Flores</subfield>
  </datafield>
  <datafield ind2=" " tag="260" ind1=" ">
    <subfield code="a">San José, Costa Rica. : </subfield>
    <subfield code="b">INIE, </subfield>
    <subfield code="c">2011</subfield>
  </datafield>
  <datafield ind2=" " tag="300" ind1=" ">
    <subfield code="a">25 páginas</subfield>
  </datafield>
  <datafield ind2=" " tag="500" ind1=" ">
    <subfield code="a">Informe final proyecto de Acción Social ED-2670\La unidad posee informe de 2010, 2011 y 2011</subfield>
  </datafield>
  <datafield ind2="4" tag="610" ind1="1">
    <subfield code="a">FEDERACION DE ASOCIACIONES COOPERATIVAS DE AHORRO Y PRESTAMO (FECOOPSE R.L)</subfield>
    <subfield code="9">3390</subfield>
  </datafield>
  <datafield ind1="1" tag="650" ind2="4">
    <subfield code="a">CAPACITACIÓN</subfield>
    <subfield code="9">729</subfield>
  </datafield>
  <datafield tag="650" ind1="1" ind2="4">
    <subfield code="a">COOPERATIVAS</subfield>
    <subfield code="9">2843</subfield>
  </datafield>
  <datafield tag="700" ind1="1" ind2=" ">
    <subfield code="a">Montero Jiménez, Carlos</subfield>
    <subfield code="9">3391</subfield>
  </datafield>
  <datafield ind1="1" tag="700" ind2=" ">
    <subfield code="a"> Páez Cerdas, Wendy</subfield>
    <subfield code="9">154</subfield>
  </datafield>
  <datafield ind2=" " tag="700" ind1="1">
    <subfield code="a">Ramírez Flores, Ramsés</subfield>
    <subfield code="9">3392</subfield>
  </datafield>
  <datafield ind2=" " ind1=" " tag="942">
    <subfield code="2">z</subfield>
    <subfield code="c">01</subfield>
  </datafield>
</record>